@article{brin1998anatomy,
  title={The anatomy of a large-scale hypertextual web search engine},
  author={Brin, Sergey and Page, Lawrence},
  journal={Computer networks and ISDN systems},
  volume={30},
  number={1-7},
  pages={107--117},
  year={1998},
  publisher={Elsevier}
}

@inproceedings{boldi2004webgraph,
  title={The webgraph framework I: compression techniques},
  author={Boldi, Paolo and Vigna, Sebastiano},
  booktitle={Proceedings of the 13th international conference on World Wide Web},
  pages={595--602},
  year={2004},
  organization={ACM}
}

@inproceedings{dhillon2005fast,
  title={A fast kernel-based multilevel algorithm for graph clustering},
  author={Dhillon, Inderjit and Guan, Yuqiang and Kulis, Brian},
  booktitle={Proceedings of the eleventh ACM SIGKDD international conference on Knowledge discovery in data mining},
  pages={629--634},
  year={2005},
  organization={ACM}
}

@article{karypis1998fast,
  title={A fast and high quality multilevel scheme for partitioning irregular graphs},
  author={Karypis, George and Kumar, Vipin},
  journal={SIAM Journal on scientific Computing},
  volume={20},
  number={1},
  pages={359--392},
  year={1998},
  publisher={SIAM}
}

@inproceedings{adler2001towards,
  title={Towards compressing web graphs},
  author={Adler, Micah and Mitzenmacher, Michael},
  booktitle={Proceedings DCC 2001. Data Compression Conference},
  pages={203--212},
  year={2001},
  organization={IEEE}
}

@article{chakrabarti2001approximate,
  title={Approximate query processing using wavelets},
  author={Chakrabarti, Kaushik and Garofalakis, Minos and Rastogi, Rajeev and Shim, Kyuseok},
  journal={The VLDB Journalâ€”The International Journal on Very Large Data Bases},
  volume={10},
  number={2-3},
  pages={199--223},
  year={2001},
  publisher={Springer-Verlag New York, Inc.}
}

@inproceedings{iliofotou2007network,
  title={Network monitoring using traffic dispersion graphs (tdgs)},
  author={Iliofotou, Marios and Pappu, Prashanth and Faloutsos, Michalis and Mitzenmacher, Michael and Singh, Sumeet and Varghese, George},
  booktitle={Proceedings of the 7th ACM SIGCOMM conference on Internet measurement},
  pages={315--320},
  year={2007},
  organization={ACM}
}

@inproceedings{navlakha2008graph,
  title={Graph summarization with bounded error},
  author={Navlakha, Saket and Rastogi, Rajeev and Shrivastava, Nisheeth},
  booktitle={Proceedings of the 2008 ACM SIGMOD international conference on Management of data},
  pages={419--432},
  year={2008},
  organization={ACM}
}
